@article{Kaldor_1957,
 ISSN = {00130133, 14680297},
 URL = {http://www.jstor.org/stable/2227704},
 author = {Nicholas Kaldor},
 journal = {The Economic Journal},
 number = {268},
 pages = {591--624},
 publisher = {[Royal Economic Society, Wiley]},
 title = {A Model of Economic Growth},
 urldate = {2024-04-29},
 volume = {67},
 year = {1957}
}

@article{Kydland_Prescott_1982,
    author = {Finn E. Kydland and Edward C. Prescott},
    journal = {Econometrica},
    number = {6},
    pages = {1345--1370},
    publisher = {[Wiley, Econometric Society]},
    title = {Time to Build and Aggregate Fluctuations},
    urldate = {2024-04-29},
    volume = {50},
    year = {1982}
}

@article{Lucas_1976,
    title = {Econometric policy evaluation: A critique},
    journal = {Carnegie-Rochester Conference Series on Public Policy},
    volume = {1},
    pages = {19-46},
    year = {1976},
    author = {Robert E. Lucas}
}

@article{Phillips_1958,
author = {Phillips, A. W.},
title = {The Relation Between Unemployment and the Rate of Change of Money Wage Rates in the United Kingdom, 1861–19571},
journal = {Economica},
volume = {25},
number = {100},
pages = {283-299},
year = {1958}
}

@article{Solow_1956,
    author = {Solow, Robert M.},
    title = "{A Contribution to the Theory of Economic Growth}",
    journal = {The Quarterly Journal of Economics},
    volume = {70},
    number = {1},
    pages = {65-94},
    year = {1956},
    month = {02},
    abstract = "{I. Introduction, 65. — II. A model of long-run growth, 66. — III. Possible growth patterns, 68. — IV. Examples, 73. — V. Behavior of interest and wage rates, 78. — VI. Extensions, 85. — VII. Qualifications, 91.}",
    issn = {0033-5533},
    doi = {10.2307/1884513},
    url = {https://doi.org/10.2307/1884513},
    eprint = {https://academic.oup.com/qje/article-pdf/70/1/65/5374160/70-1-65.pdf},
}

@incollection{Banerjee_2005,
    title = {Chapter 7 Growth Theory through the Lens of Development Economics},
    editor = {Philippe Aghion and Steven N. Durlauf},
    booktitle = {Handbook of Economic Growth},
    publisher = {Elsevier},
    volume = {1},
    pages = {473-552},
    year = {2005},
    author = {Abhijit V. Banerjee and Esther Duflo},
}


